<record><leader>00000cas a22000007a 4500</leader><controlfield tag="001">13365413</controlfield><controlfield tag="008">860331d18501853paudn ne      0    0ger d</controlfield><datafield ind1=" " ind2=" " tag="010"><subfield code="a">sn 86081234 </subfield></datafield><datafield ind1=" " ind2=" " tag="040"><subfield code="a">NPH</subfield><subfield code="b">eng</subfield><subfield code="c">NPH</subfield><subfield code="d">OCLCQ</subfield></datafield><datafield ind1=" " ind2=" " tag="042"><subfield code="a">msc</subfield></datafield><datafield ind1="0" ind2="4" tag="245"><subfield code="a">Der Ta&#776;gliche Freiheitsfreund.</subfield></datafield><datafield ind1="1" ind2="3" tag="246"><subfield code="a">Ta&#776;gliche Beobachter</subfield></datafield><datafield ind1="3" ind2="0" tag="246"><subfield code="a">Freiheits-Freund</subfield></datafield><datafield ind1=" " ind2=" " tag="260"><subfield code="a">Pittsburg, Pa. :</subfield><subfield code="b">L. &amp; W. Neeb,</subfield><subfield code="c">1850-</subfield></datafield><datafield ind1=" " ind2=" " tag="300"><subfield code="a">v.</subfield></datafield><datafield ind1=" " ind2=" " tag="310"><subfield code="a">Daily (except Sunday)</subfield></datafield><datafield ind1="0" ind2=" " tag="362"><subfield code="a">Jahrg. 2, Nr. 209 (9. Sept., 1850)-</subfield></datafield><datafield ind1="1" ind2=" " tag="362"><subfield code="a">Ceased in 1853?</subfield></datafield><datafield ind1=" " ind2=" " tag="752"><subfield code="a">United States</subfield><subfield code="b">Pennsylvania</subfield><subfield code="c">Allegheny</subfield><subfield code="d">Pittsburgh.</subfield></datafield><datafield ind1="0" ind2=" " tag="775"><subfield code="t">Freiheits-Freund, und Pittsburger Beobachter (Pittsburgh, Pa. : Weekly)</subfield><subfield code="w">(DLC)sn 86081233</subfield></datafield><datafield ind1="0" ind2="0" tag="780"><subfield code="t">Freiheits-Freund, und Pittsburger Beobachter (Pittsburgh, Pa. : Daily)</subfield><subfield code="w">(DLC)sn 86081232</subfield></datafield><datafield ind1="0" ind2="0" tag="785"><subfield code="t">Freiheits Freund (Pittsburgh, Pa. : 1853 : Daily)</subfield><subfield code="w">(DLC)sn 86081235</subfield></datafield></record>